@article{hart,
    author = "Hart, Peter E.",
    title = "The Condensed Nearest Neighbor Rule",
    journaltitle = "IEEE Transactions on Information Theory",
    year = "1968",
    month = "May",
    volume = "14",
    number = "3",
    pages = "515--516"
}

@article{angiulli,
    author = "Angiulli, Fabrizio",
    title = "Fast Nearest Neighbor Condensation for Large Data Sets Classification",
    journaltitle = "IEEE Transactions on Knowledge and Data Engineering",
    year = "2007",
    month = "November",
    volume = "19",
    number = "11",
    pages = "1450--1464"
}

@article{ps-taxonomy,
    author = "Garcia, Salvador and Derrac, Joaquin and Cano, Jose Ramon and Herrera, Francisco",
    title = "Prototype Selection for Nearest Neighbor Classification: Taxonomy and Empirical Study",
    journaltitle = "IEEE Transactions on Pattern Analysis and Machine Intelligence",
    year = "2012",
    month = "March",
    volume = "34",
    number = "4",
    pages = "417--435"
}

@misc{scikit-protopy,
    author = "Victor, Dayvid",
    title = "Prototype selection and generation toolbox",
    url = "https://github.com/dvro/scikit-protopy"
}

@article{vyas,
    author = "Vyas, Apoorv and Kannao, Raghvendra and Bhargva, Vineet and Guha, Prithwijit",
    title = "Commercial Block Detection in Broadcast News Videos",
    journaltitle = "Proc. 9th Indian Conference on Computer Vision, Graphics and Image Processing",
    year = "2009",
    month = "December"
}

@inproceedings{beyer,
    author = "Beyer, Kevin and Goldstein, Jonathan and Ramakrishnan, Raghu and Shaft, Uri",
    title = {When Is "Nearest Neighbor" Meaningful?},
    booktitle = "In Int. Conf. on Database Theory",
    year = "1999",
    pages = "217--235"
}

@article{cortes-vapnik,
    author = "Cortes, Corinna and Vapnik, Vladimir",
    title = "Support-vector networks",
    journaltitle = "Machine Learning",
    year = "1995",
    month = "September",
    volume = "20",
    number = "3",
    pages = "273--297"
}

@article{pearson,
    author = "Pearson, K.",
    title = "On Lines and Planes of Closest Fit to Systems of Points in Space",
    journaltitle = "Philosophical Magazine",
    year = "1901",
    volume = "2",
    number = "11",
    pages = "559–-572"
}
@article{breiman,
    author = "Breiman, Leo",
    title = "Random Forests",
    journaltitle = "Machine Learning",
    year = "2001",
    month = "October",
    volume = "45",
    number = "1",
    pages = "5–-32"
}

@article{marchiori,
	author = "Marchiori, Elena",
	title = "Class Conditional Nearest Neighbor for Large Margin Instance Selection",
	journaltitle = "IEEE Transactions on Pattern Analysis and Machine Intelligence",
	year = "2010",
	month = "February",
	volume = "32",
	number = "2",
	pages = "364--370"
}

@article{sklearn,
	title={Scikit-learn: Machine Learning in {P}ython},
	author={Pedregosa, F. and Varoquaux, G. and Gramfort, A. and Michel, V. and Thirion, B. and Grisel, O. and Blondel, M. and Prettenhofer, P. and Weiss, R. and Dubourg, V. and Vanderplas, J. and Passos, A. and Cournapeau, D. and Brucher, M. and Perrot, M. and Duchesnay, E.},
	journal={Journal of Machine Learning Research},
	volume={12},
	pages={2825--2830},
	year={2011}
}

